@book{abelson1996structure,
  title={Structure and Interpretation of Computer Programs},
  author={Abelson, H. and Sussman, G.J. and Sussman, J.},
  isbn={9780262011532},
  lccn={96017756},
  series={Electrical engineering and computer science series},
  year={1996},
  publisher={MIT Press}
}

@book{whitehead1927principia,
  title={Principia Mathematica},
  author={Whitehead, A.N. and Russell, B.},
  isbn={9780521067911},
  year={1927},
  publisher={Cambridge University Press}
}

@article{GlossarWiki:Neumann:1925, 
   author = {von Neumann, John}, 
   title = {{Eine Axiomatisierung der Mengenlehre}}, 
   journal = {Journal f√ºr die reine und angewandte Mathematik}, 
   volume = {154, page}, 
   pages = {219--240}, 
   issn = {0075-4102, 1435-5345}, 
   year = {1938}, 
   url = {http://gdz.sub.uni-goettingen.de/dms/load/img/?PPN=GDZPPN002169606&IDDOC=253388}, 
   quality = {5}, 
   note = {}
 }

@article{church1932set,
  title={A set of postulates for the foundation of logic},
  author={Church, Alonzo},
  journal={The Annals of Mathematics},
  volume={33},
  number={2},
  pages={346--366},
  year={1932},
  publisher={JSTOR}
}

@book{hindley2008lambda,
  title={Lambda-Calculus and Combinators: An Introduction},
  author={Hindley, J.R. and Seldin, J.P.},
  isbn={9781139473248},
  lccn={2008006276},
  url={http://books.google.com.sg/books?id=9fhujocrM7wC},
  year={2008},
  publisher={Cambridge University Press}
}

@misc{ wiki:lambda,
   author = "Wikipedia",
   title = "Lambda calculus --- Wikipedia{,} The Free Encyclopedia",
   year = "2013",
   url = "\url{http://en.wikipedia.org/w/index.php?title=Lambda_calculus&oldid=566917904}",
   note = "[Online; accessed 6-August-2013]"
 }
